% Books ------------------------------------------------------------------------

@book{achen-1982-interpreting,
  title = {Interpreting and Using Regression},
  author = {Achen, Christopher H.},
  isbn = {9780803900004},
  lccn = {82042675},
  series = {Interpreting and Using Regression},
  year = {1982},
  publisher = {Sage Publications}
}

@book{molnar-2019-iml,
  title = {Interpretable Machine Learning},
  author = {Christoph Molnar},
  note = {\url{https://christophm.github.io/interpretable-ml-book/}},
  year = {2019},
  subtitle = {A Guide for Making Black Box Models Explainable}
}

@book{pearl-2009-causality,
  author = {Pearl, Judea},
  title = {Causality: Models, Reasoning and Inference},
  year = {2009},
  isbn = {052189560X},
  publisher = {Cambridge University Press},
  address = {USA},
  edition = {2nd}
}


% Articles ---------------------------------------------------------------------


@article{cheng-2009-credit,
	Author = {I-Cheng Yeh and Che-hui Lien},
	Journal = {Expert Systems with Applications},
	Number = {2, Part 1},
	Pages = {2473--2480},
	Title = {The comparisons of data mining techniques for the predictive accuracy of probability of default of credit card clients},
	Url = {https://doi.org/10.1016/j.eswa.2007.12.020},
	Volume = {36},
	Year = {2009},
}

@article{ames-cock-2011,
  title = {Ames, Iowa: Alternative to the Boston Housing Data as an
End of Semester Regression Project},
  author = {Dean De Cock},
  journal = {Journal of Statistics Education},
  year = {2011},
  volume = {19},
  number = {3},
  pages = {1--15},
  url = {https://doi.org/10.1080/10691898.2011.11889627}
}

@article{lundberg-2020-treeshap,
  title={From local explanations to global understanding with explainable AI for trees},
  author={Lundberg, Scott M. and Erion, Gabriel and Chen, Hugh and DeGrave, Alex and Prutkin, Jordan M. and Nair, Bala and Katz, Ronit and Himmelfarb, Jonathan and Bansal, Nisha and Lee, Su-In},
  journal={Nature Machine Intelligence},
  volume={2},
  number={1},
  pages={2522-5839},
  year={2020},
  publisher={Nature Publishing Group}
}


@article{friedman-2008-predictive,
	Author = {Jerome H. Friedman and Bogdan E. Popescu},
	Doi = {10.1214/07-AOAS148},
	Journal = {The Annals of Applied Statistics},
	Number = {3},
	Pages = {916--954},
	Publisher = {Institute of Mathematical Statistics},
	Title = {{Predictive learning via rule ensembles}},
	Url = {https://doi.org/10.1214/07-AOAS148},
	Volume = {2},
	Year = {2008},
}

@article{strumbelj-2014-explaining,
  author = {{Š}trumbelj, Erik and Kononenko, Igor},
  title = {Explaining prediction models and individual predictions with feature contributions},
  journal = {Knowledge and Information Systems},
  year = {2014},
  volume = {31},
  number = {3},
  pages = {647--665},
  url = {https://doi.org/10.1007/s10115-013-0679-x}
}

@article{gosiewska-2019-iBreakDown,
  author    = {Alicja Gosiewska and Przemyslaw Biecek},
  title     = {iBreakDown: Uncertainty of Model Explanations for Non-additive Predictive
               Models},
  journal   = {CoRR},
  volume    = {abs/1903.11420},
  year      = {2019},
  url       = {http://arxiv.org/abs/1903.11420},
  archivePrefix = {arXiv},
  eprint    = {1903.11420},
  timestamp = {Tue, 02 Apr 2019 11:16:55 +0200},
  biburl    = {https://dblp.org/rec/journals/corr/abs-1903-11420.bib},
  bibsource = {dblp computer science bibliography, https://dblp.org}
}

@article{veronika-2017-catboost,
  author = {Anna Veronika Dorogush and Andrey Gulin and Gleb Gusev and Nikita Kazeev and Liudmila Ostroumova Prokhorenkova and
               Aleksandr Vorobev},
  title = {Fighting biases with dynamic boosting},
  journal = {CoRR},
  volume = {abs/1706.09516},
  year = {2017},
  url = {http://arxiv.org/abs/1706.09516},
  archivePrefix = {arXiv},
  eprint = {1706.09516},
  timestamp = {Mon, 13 Aug 2018 16:46:23 +0200},
  biburl = {https://dblp.org/rec/journals/corr/DorogushGGKPV17.bib},
  bibsource = {dblp computer science bibliography, https://dblp.org}
}

@article{chen-2016-xgboost,
  author = {Tianqi Chen and Carlos Guestrin},
  title = {XGBoost: {A} Scalable Tree Boosting System},
  journal = {CoRR},
  volume = {abs/1603.02754},
  year = {2016},
  url = {http://arxiv.org/abs/1603.02754},
  archivePrefix = {arXiv},
  eprint = {1603.02754},
  timestamp = {Mon, 13 Aug 2018 16:47:00 +0200},
  biburl = {https://dblp.org/rec/journals/corr/ChenG16.bib},
  bibsource = {dblp computer science bibliography, https://dblp.org}
}

@article{R-sellereite,
  doi = {10.21105/joss.02027},
  url = {https://doi.org/10.21105/joss.02027},
  year = {2019},
  publisher = {The Open Journal},
  volume = {5},
  number = {46},
  pages = {2027},
  author = {Nikolai Sellereite and Martin Jullum},
  title = {shapr: An R-package for explaining machine learning models with dependence-aware Shapley values},
  journal = {Journal of Open Source Software}
}

@article{harrison-1978-hedonic,
  title = {Hedonic Housing Prices and the Demand for Clean Air},
  author = {David Harrison and Daniel L. Rubinfeld},
  year = {1978},
  journal = {Journal of Environmental Economics and Management},
  volume = {5},
  number = {1},
  pages = {81-102},
  url = {https://doi.org/10.1016/0095-0696(78)90006-2},
}

@article{friedman-1991-mars,
  author = {Jerome H. Friedman},
  title = {Multivariate Adaptive Regression Splines},
  journal = {The Annals of Statistics},
  year = {1991},
  volume = {19},
  number = {1},
  pages = {1--67},
  url = {https://doi.org/10.1214/aos/1176347963},
}

@article{friedman-2001-greedy,
  author = {Jerome H. Friedman},
  title = {Greedy Function Approximation: A Gradient Boosting Machine},
  journal = {The Annals of Statistics},
  year = {2001},
  volume = {29},
  number = {5},
  pages = {1189--1232},
  url = {https://doi.org/10.1214/aos/1013203451}
}

@article{goldstein-peeking-2015,
  title = {Peeking Inside the Black Box: Visualizing Statistical Learning with Plots of Individual Conditional Expectation},
  author = {Alex Goldstein and Adam Kapelner and Justin Bleich and Emil Pitkin},
  journal = {Journal of Computational and Graphical Statistics},
  volume = {24},
  number = {1},
  pages = {44--65},
  year = {2015},
  url = {https://doi.org/10.1080/10618600.2014.907095},
}


@article{zhao-2021-causal,
	Author = {Qingyuan Zhao and Trevor Hastie},
	Journal = {Journal of Business \& Economic Statistics},
	Number = {1},
	Pages = {272--281},
	Publisher = {Taylor & Francis},
	Title = {Causal Interpretations of Black-Box Models},
	Url = {https://doi.org/10.1080/07350015.2019.1624293},
	Volume = {39},
	Year = {2021},
}


% Other ------------------------------------------------------------------------

@misc{aas-2020-explaining,
  title={Explaining individual predictions when features are dependent: More accurate approximations to Shapley values}, 
  author={Kjersti Aas and Martin Jullum and Anders Løland},
  year={2020},
  eprint={1903.10464},
  archivePrefix={arXiv},
  primaryClass={stat.ML}
}

@misc{covert-2021-improving,
  title={Improving KernelSHAP: Practical Shapley Value Estimation via Linear Regression},   author={Ian Covert and Su-In Lee},
  year={2021},
  eprint={2012.01536},
  archivePrefix={arXiv},
  primaryClass={cs.LG}
}

@misc{apley-2019-ale,
  title={Visualizing the Effects of Predictor Variables in Black Box Supervised Learning Models}, 
  author={Daniel W. Apley and Jingyu Zhu},
  year={2019},
  eprint={1612.08468},
  archivePrefix={arXiv},
  primaryClass={stat.ME}
}

@misc{fisher-2019-models,
  title={All Models are Wrong, but Many are Useful: Learning a Variable's Importance by Studying an Entire Class of Prediction Models Simultaneously}, 
  author={Aaron Fisher and Cynthia Rudin and Francesca Dominici},
  year={2019},
  eprint={1801.01489},
  archivePrefix={arXiv},
  primaryClass={stat.ME}
}

@misc{chen-2020-true,
  title={True to the Model or True to the Data?}, 
  author={Hugh Chen and Joseph D. Janizek and Scott Lundberg and Su-In Lee},
  year={2020},
  eprint={2006.16234},
  archivePrefix={arXiv},
  primaryClass={cs.LG}
}

@misc{aas-2019-explaining,
  title = {Explaining individual predictions when features are dependent: More accurate approximations to Shapley values},
  author = {Kjersti Aas and Martin Jullum and Anders Løland},
  year = {2019},
  eprint = {1903.10464},
  archivePrefix = {arXiv},
  primaryClass = {stat.ML}
}

@misc{R-shapFlex,
  title = {Shapley Decomposition of R-Squared in Machine Learning Models},
  author = {Nickalus Redell},
  year = {2019},
  eprint = {1908.09718},
  archivePrefix = {arXiv},
  primaryClass = {stat.ME}
}

@misc{frye-2019-asymmetric,
  title = {Asymmetric Shapley values: incorporating causal knowledge into model-agnostic explainability},
  author = {Christopher Frye and Ilya Feige and Colin Rowat},
  year = {2019},
  eprint = {1910.06358},
  archivePrefix = {arXiv},
  primaryClass = {stat.ML}
}

@incollection{lundberg-2017-KernelSHAP,
	Author = {Lundberg, Scott M and Lee, Su-In},
	Booktitle = {Advances in Neural Information Processing Systems 30},
	Editor = {I. Guyon and U. V. Luxburg and S. Bengio and H. Wallach and R. Fergus and S. Vishwanathan and R. Garnett},
	Pages = {4765--4774},
	Publisher = {Curran Associates, Inc.},
	Title = {A Unified Approach to Interpreting Model Predictions},
	Url = {http://papers.nips.cc/paper/7062-a-unified-approach-to-interpreting-model-predictions.pdf},
	Year = {2017},
	Bdsk-Url-1 = {http://papers.nips.cc/paper/7062-a-unified-approach-to-interpreting-model-predictions.pdf}
}
	
@incollection{ke-2017-lightgbm,
	Author = {Ke, Guolin and Meng, Qi and Finley, Thomas and Wang, Taifeng and Chen, Wei and Ma, Weidong and Ye, Qiwei and Liu, Tie-Yan},
	Booktitle = {Advances in Neural Information Processing Systems 30},
	Editor = {I. Guyon and U. V. Luxburg and S. Bengio and H. Wallach and R. Fergus and S. Vishwanathan and R. Garnett},
	Pages = {3146--3154},
	Publisher = {Curran Associates, Inc.},
	Title = {LightGBM: A Highly Efficient Gradient Boosting Decision Tree},
	Url = {http://papers.nips.cc/paper/6907-lightgbm-a-highly-efficient-gradient-boosting-decision-tree.pdf},
	Year = {2017},
	Bdsk-Url-1 = {http://papers.nips.cc/paper/6907-lightgbm-a-highly-efficient-gradient-boosting-decision-tree.pdf}}

@inbook{shapley-2016-value,
  author = {Lloyd S. Shapley},
  editor = {Harold William Kuhn and Albert William Tucker},
  url = {https://doi.org/10.1515/9781400881970-018},
  title = {17. A Value for n-Person Games},
  booktitle = {Contributions to the Theory of Games (AM-28), Volume II},
  year = {2016},
  publisher = {Princeton University Press},
  pages = {307--318}
}

@InProceedings{janzing-2020-feature, 
  title = {Feature relevance quantification in explainable AI: A causal problem}, 
  author = {Janzing, Dominik and Minorics, Lenon and Bloebaum, Patrick}, 
  booktitle = {Proceedings of the Twenty Third International Conference on Artificial Intelligence and Statistics}, 
  pages = {2907--2916}, 
  year = {2020}, 
  editor = {Silvia Chiappa and Roberto Calandra},
  olume = {108}, 
  series = {Proceedings of Machine Learning Research}, 
  publisher = {PMLR}, 
  url = {http://proceedings.mlr.press/v108/janzing20a.html}
}


@inbook{charnes-1988-extremal,
	Address = {Dordrecht},
	Author = {Charnes, A. and Golany, B. and Keane, M. and Rousseau, J.},
	Booktitle = {Econometrics of Planning and Efficiency},
	Doi = {10.1007/978-94-009-3677-5_7},
	Editor = {Sengupta, Jati K. and Kadekodi, Gopal K.},
	Isbn = {978-94-009-3677-5},
	Pages = {123--133},
	Publisher = {Springer Netherlands},
	Title = {Extremal Principle Solutions of Games in Characteristic Function Form: Core, Chebychev and Shapley Value Generalizations},
	Url = {https://doi.org/10.1007/978-94-009-3677-5_7},
	Year = {1988},
	Bdsk-Url-1 = {https://doi.org/10.1007/978-94-009-3677-5_7},
	Bdsk-Url-2 = {http://dx.doi.org/10.1007/978-94-009-3677-5_7}}
