@article{kuffner-2015-als,
	Author = {K{\"{u}}ffner, Robert and Zach, Neta and Norel, Raquel and Hawe, Johann and Schoenfeld, David and Wang, Liuxia and Li, Guang and Fang, Lilly and Mackey, Lester and Hardiman, Orla and Cudkowicz, Merit and Sherman, Alexander and Ertaylan, Gokhan and Grosse-Wentrup, Moritz and Hothorn, Torsten and van Ligtenberg, Jules and Macke, Jakob H. and Meyer, Timm and Sch{\"{o}}lkopf, Bernhard and Tran, Linh and Vaughan, Rubio and Stolovitzky, Gustavo and Leitner, Melanie L.},
	Da = {2015/01/01},
	Date-Added = {2021-11-15 16:21:14 +0000},
	Date-Modified = {2021-11-15 16:21:14 +0000},
	Doi = {10.1038/nbt.3051},
	Id = {K{\"u}ffner2015},
	Isbn = {1546-1696},
	Journal = {Nature Biotechnology},
	Number = {1},
	Pages = {51--57},
	Title = {Crowdsourced analysis of clinical trial data to predict amyotrophic lateral sclerosis progression},
	Ty = {JOUR},
	Url = {https://doi.org/10.1038/nbt.3051},
	Volume = {33},
	Year = {2015},
	Bdsk-Url-1 = {https://doi.org/10.1038/nbt.3051},
	Bdsk-Url-2 = {http://dx.doi.org/10.1038/nbt.3051}}

@incollection{lundberg-2017-shap,
  title = {A Unified Approach to Interpreting Model Predictions},
  author = {Lundberg, Scott M. and Lee, Su-In},
  booktitle = {Advances in Neural Information Processing Systems 30},
  editor = {I. Guyon and U. V. Luxburg and S. Bengio and H. Wallach and R. Fergus and S. Vishwanathan and R. Garnett},
  pages = {4765--4774},
  year = {2017},
  publisher = {Curran Associates, Inc.},
  url = {http://papers.nips.cc/paper/7062-a-unified-approach-to-interpreting-model-predictions.pdf}
}

@article{chipman-2010-bart,
	Author = {Hugh A. Chipman and Edward I. George and Robert E. McCulloch},
	Doi = {10.1214/09-AOAS285},
	Journal = {The Annals of Applied Statistics},
	Number = {1},
	Pages = {266--298},
	Publisher = {Institute of Mathematical Statistics},
	Title = {{BART: Bayesian additive regression trees}},
	Url = {https://doi.org/10.1214/09-AOAS285},
	Volume = {4},
	Year = {2010},
	Bdsk-Url-1 = {https://doi.org/10.1214/09-AOAS285},
	Bdsk-Url-2 = {http://dx.doi.org/10.1214/09-AOAS285}
}

@article{scikit-learn,
  title = {Scikit-learn: Machine Learning in {P}ython},
  author = {Pedregosa, F. and Varoquaux, G. and Gramfort, A. and Michel, V.
         and Thirion, B. and Grisel, O. and Blondel, M. and Prettenhofer, P.
         and Weiss, R. and Dubourg, V. and Vanderplas, J. and Passos, A. and
         Cournapeau, D. and Brucher, M. and Perrot, M. and Duchesnay, E.},
  journal = {Journal of Machine Learning Research},
  volume = {12},
  pages = {2825--2830},
  year = {2011}
}

@article{friedman-2001-greedy,
  author = {Jerome H. Friedman},
  title = {Greedy Function Approximation: A Gradient Boosting Machine},
  journal = {The Annals of Statistics},
  year = {2001},
  volume = {29},
  number = {5},
  pages = {1189--1232},
  url = {https://doi.org/10.1214/aos/1013203451}
}

@article{friedman-2002-stochastic,
	author = {Jerome H. Friedman},
	doi = {https://doi.org/10.1016/S0167-9473(01)00065-2},
	issn = {0167-9473},
	journal = {Computational Statistics \& Data Analysis},
	number = {4},
	pages = {367--378},
	title = {Stochastic gradient boosting},
	url = {https://doi.org/10.1016/S0167-9473(01)00065-2},
	volume = {38},
	year = {2002},
}

@article{breiman-2001-rf,
  author = {Breiman, Leo},
  title = {Random Forests},
  journal = {Machine Learning},
  year = {2001},
  volume = {45},
  number = {1},
  pages = {5--32},
  url = {https://doi.org/10.1023/A:1010933404324}
}

@article{rigby-2005-gamlss,
	Author = {Rigby, Robert A. and Stasinopoulos, Mikis D.},
	Doi = {https://doi.org/10.1111/j.1467-9876.2005.00510.x},
	Eprint = {https://rss.onlinelibrary.wiley.com/doi/pdf/10.1111/j.1467-9876.2005.00510.x},
	Journal = {Journal of the Royal Statistical Society: Series C (Applied Statistics)},
	Keywords = {Beta--binomial distribution, Box--Cox transformation, Centile estimation, Cubic smoothing splines, Generalized linear mixed model, LMS method, Negative binomial distribution, Non-normality, Nonparametric models, Overdispersion, Penalized likelihood, Random effects, Skewness and kurtosis},
	Number = {3},
	Pages = {507-554},
	Title = {Generalized additive models for location, scale and shape},
	Url = {https://rss.onlinelibrary.wiley.com/doi/abs/10.1111/j.1467-9876.2005.00510.x},
	Volume = {54},
	Year = {2005},
	Bdsk-Url-1 = {https://rss.onlinelibrary.wiley.com/doi/abs/10.1111/j.1467-9876.2005.00510.x},
	Bdsk-Url-2 = {https://doi.org/10.1111/j.1467-9876.2005.00510.x}
}

@article{malley-2012-consistent,
  author = {James D. Malley and Jochen Kruppa and Abhijit Dasgupta and Karen Godlove Malley and Andreas Ziegler},
  title = {Probability machines: consistent probability estimation using nonparametric learning machines},
  journal = {Methods of Information in Medicine},
  year = {2012},
  volume = {51},
  number = {1},
  pages = {74--81},
  url = {https://doi.org/10.3414/ME00-01-0052}
}

@book{efron-2016-computer, 
  place = {Cambridge}, 
  series = {Institute of Mathematical Statistics Monographs}, 
  title = {Computer Age Statistical Inference: Algorithms, Evidence, and Data Science}, 
  DOI = {10.1017/CBO9781316576533}, 
  publisher = {Cambridge University Press}, 
  author = {Efron, Bradley and Hastie, Trevor}, 
  year = {2016}, 
  collection = {Institute of Mathematical Statistics Monographs}
}

@misc{duan-2020-ngboost,
  doi = {10.48550/ARXIV.1910.03225},
  url = {https://arxiv.org/abs/1910.03225},
  author = {Duan, Tony and Avati, Anand and Ding, Daisy Yi and Thai, Khanh K. and Basu, Sanjay and Ng, Andrew Y. and Schuler, Alejandro},
  title = {NGBoost: Natural Gradient Boosting for Probabilistic Prediction},
  publisher = {arXiv},
  year = {2020},
  copyright = {arXiv.org perpetual, non-exclusive license}
}

@Manual{R-pkgsearch,
  title = {pkgsearch: Search and Query CRAN R Packages},
  author = {Gábor Csárdi and Maëlle Salmon},
  year = {2022},
  note = {R package version 3.1.1},
  url = {https://CRAN.R-project.org/package=pkgsearch},
}

@Manual{R-AmesHousing,
  title = {AmesHousing: The Ames Iowa Housing Data},
  author = {Max Kuhn},
  year = {2020},
  note = {R package version 0.0.4},
  url = {https://github.com/topepo/AmesHousing},
}

@Manual{R-doParallel,
  title = {doParallel: Foreach Parallel Adaptor for the parallel Package},
  author = {Microsoft Corporation and Steve Weston},
  year = {2020},
  note = {R package version 1.0.16},
  url = {https://CRAN.R-project.org/package=doParallel},
}

@Manual{R-earth,
  title = {earth: Multivariate Adaptive Regression Splines},
  author = {Stephen Milborrow. Derived from mda:mars by Trevor Hastie and Rob Tibshirani. Uses Alan Miller's Fortran utilities with Thomas Lumley's leaps wrapper.},
  year = {2020},
  note = {R package version 5.3.0},
  url = {http://www.milbo.users.sonic.net/earth/},
}

@Manual{R-shapviz,
  title = {shapviz: SHAP Visualizations},
  author = {Michael Mayer},
  year = {2022},
  note = {R package version 0.2.1},
  url = {https://CRAN.R-project.org/package=shapviz},
}
  
@Manual{R-lightgbm,
  title = {lightgbm: Light Gradient Boosting Machine},
  author = {Yu Shi and Guolin Ke and Damien Soukhavong and James Lamb and Qi Meng and Thomas Finley and Taifeng Wang and Wei Chen and Weidong Ma and Qiwei Ye and Tie-Yan Liu and Nikita Titov},
  year = {2022},
  note = {R package version 3.3.2},
  url = {https://CRAN.R-project.org/package=lightgbm},
}
  
@Manual{R-fastshap,
  title = {fastshap: Fast Approximate Shapley Values},
  author = {Brandon Greenwell},
  note = {R package version 0.0.5.9000},
  url = {https://github.com/bgreenwell/fastshap},
  year = {2020},
}

@Manual{R-foreach,
  title = {foreach: Provides Foreach Looping Construct},
  author = {{Revolution Analytics} and Steve Weston}},
  year = {2020},
  note = {R package version 1.5.1},
  url = {https://github.com/RevolutionAnalytics/foreach},
}

@Manual{R-gbm,
  title = {gbm: Generalized Boosted Regression Models},
  author = {Brandon Greenwell and Bradley Boehmke and Jay Cunningham and GBM Developers},
  year = {2020},
  note = {R package version 2.1.8},
  url = {https://github.com/gbm-developers/gbm},
}

@Manual{R-ggplot2,
  title = {ggplot2: Create Elegant Data Visualisations Using the Grammar of Graphics},
  author = {Hadley Wickham and Winston Chang and Lionel Henry and Thomas Lin Pedersen and Kohske Takahashi and Claus Wilke and Kara Woo and Hiroaki Yutani and Dewey Dunnington},
  year = {2020},
  note = {R package version 3.3.2},
  url = {https://CRAN.R-project.org/package=ggplot2},
}

@Manual{R-iBreakDown,
  title = {iBreakDown: Model Agnostic Instance Level Variable Attributions},
  author = {Przemyslaw Biecek and Alicja Gosiewska and Hubert Baniecki and Adam Izdebski},
  year = {2020},
  note = {R package version 1.3.1},
  url = {https://CRAN.R-project.org/package=iBreakDown},
}

@Manual{R-iml,
  title = {iml: Interpretable Machine Learning},
  author = {Christoph Molnar and Patrick Schratz},
  year = {2020},
  note = {R package version 0.10.1},
  url = {https://CRAN.R-project.org/package=iml},
}

@Manual{R-pkgsearch,
  title = {pkgsearch: Search and Query CRAN R Packages},
  author = {Gábor Csárdi and Maëlle Salmon},
  year = {2020},
  note = {R package version 3.0.3},
  url = {https://CRAN.R-project.org/package=pkgsearch},
}

@Manual{R-plyr,
  title = {plyr: Tools for Splitting, Applying and Combining Data},
  author = {Hadley Wickham},
  year = {2020},
  note = {R package version 1.8.6},
  url = {https://CRAN.R-project.org/package=plyr},
}

@Manual{R-R6,
  title = {R6: Encapsulated Classes with Reference Semantics},
  author = {Winston Chang},
  year = {2021},
  note = {R package version 2.5.1},
  url = {https://CRAN.R-project.org/package=R6},
}
  
@Manual{R-ranger,
  title = {ranger: A Fast Implementation of Random Forests},
  author = {Marvin N. Wright and Stefan Wager and Philipp Probst},
  year = {2020},
  note = {R package version 0.12.1},
  url = {https://github.com/imbs-hl/ranger},
}

@Manual{R-Rcpp,
  title = {Rcpp: Seamless R and C++ Integration},
  author = {Dirk Eddelbuettel and Romain Francois and JJ Allaire and Kevin Ushey and Qiang Kou and Nathan Russell and Douglas Bates and John Chambers},
  year = {2020},
  note = {R package version 1.0.5},
  url = {https://CRAN.R-project.org/package=Rcpp},
}

@Manual{R-shapr,
  title = {shapr: Prediction Explanation with Dependence-Aware Shapley Values},
  author = {Nikolai Sellereite and Martin Jullum and Annabelle Redelmeier},
  year = {2021},
  note = {R package version 0.2.0},
  url = {https://CRAN.R-project.org/package=shapr},
}

@Manual{R-tibble,
  title = {tibble: Simple Data Frames},
  author = {Kirill Müller and Hadley Wickham},
  year = {2020},
  note = {R package version 3.0.4},
  url = {https://CRAN.R-project.org/package=tibble},
}

@Manual{R-titanic,
  title = {titanic: Titanic Passenger Survival Data Set},
  author = {Paul Hendricks},
  year = {2015},
  note = {R package version 0.1.0},
  url = {https://github.com/paulhendricks/titanic},
}

@Manual{R-xgboost,
  title = {xgboost: Extreme Gradient Boosting},
  author = {Tianqi Chen and Tong He and Michael Benesty and Vadim Khotilovich and Yuan Tang and Hyunsu Cho and Kailong Chen and Rory Mitchell and Ignacio Cano and Tianyi Zhou and Mu Li and Junyuan Xie and Min Lin and Yifeng Geng and Yutian Li},
  year = {2020},
  note = {R package version 1.2.0.1},
  url = {https://github.com/dmlc/xgboost},
}

@Book{ggplot22016,
  author = {Hadley Wickham},
  title = {ggplot2: Elegant Graphics for Data Analysis},
  publisher = {Springer-Verlag New York},
  year = {2016},
  isbn = {978-3-319-24277-4},
  url = {https://ggplot2.tidyverse.org},
}

@Misc{iBreakDown2019,
  title = {Do Not Trust Additive Explanations},
  author = {Alicja Gosiewska and Przemyslaw Biecek},
  year = {2019},
  eprint = {arXiv:1903.11420},
  url = {https://arxiv.org/abs/1903.11420},
}

@Article{iml2018,
  author = {Christoph Molnar and Bernd Bischl and Giuseppe Casalicchio},
  title = {iml: An R package for Interpretable Machine Learning},
  doi = {10.21105/joss.00786},
  url = {https://joss.theoj.org/papers/10.21105/joss.00786},
  year = {2018},
  publisher = {Journal of Open Source Software},
  volume = {3},
  number = {26},
  pages = {786},
  journal = {JOSS},
}

@Article{plyr2011,
  title = {The Split-Apply-Combine Strategy for Data Analysis},
  author = {Hadley Wickham},
  journal = {Journal of Statistical Software},
  year = {2011},
  volume = {40},
  number = {1},
  pages = {1--29},
  url = {http://www.jstatsoft.org/v40/i01/},
}

@Article{ranger2017,
  title = {{ranger}: A Fast Implementation of Random Forests for High Dimensional Data in {C++} and {R}},
  author = {Marvin N. Wright and Andreas Ziegler},
  journal = {Journal of Statistical Software},
  year = {2017},
  volume = {77},
  number = {1},
  pages = {1--17},
  doi = {10.18637/jss.v077.i01},
}

@Article{Rcpp2011,
  title = {{Rcpp}: Seamless {R} and {C++} Integration},
  author = {Dirk Eddelbuettel and Romain Fran\c{c}ois},
  journal = {Journal of Statistical Software},
  year = {2011},
  volume = {40},
  number = {8},
  pages = {1--18},
  url = {http://www.jstatsoft.org/v40/i08/},
  doi = {10.18637/jss.v040.i08},
}

@Book{Rcpp2013,
  title = {Seamless {R} and {C++} Integration with {Rcpp}},
  author = {Dirk Eddelbuettel},
  publisher = {Springer},
  address = {New York},
  year = {2013},
  note = {ISBN 978-1-4614-6867-7},
  doi = {10.1007/978-1-4614-6868-4},
}

@Article{Rcpp2017,
  title = {{Extending 	extit{R} with 	extit{C++}: A Brief Introduction to 	extit{Rcpp}}},
  author = {Dirk Eddelbuettel and James Joseph Balamuta},
  journal = {PeerJ Preprints},
  year = {2017},
  month = {aug},
  volume = {5},
  pages = {e3188v1},
  issn = {2167-9843},
  url = {https://doi.org/10.7287/peerj.preprints.3188v1},
  doi = {10.7287/peerj.preprints.3188v1},
}

% Books ------------------------------------------------------------------------

@book{achen-1982-interpreting,
  title = {Interpreting and Using Regression},
  author = {Achen, Christopher H.},
  isbn = {9780803900004},
  lccn = {82042675},
  series = {Interpreting and Using Regression},
  year = {1982},
  publisher = {Sage Publications}
}

@book{molnar-2019-iml,
  title = {Interpretable Machine Learning},
  author = {Christoph Molnar},
  note = {\url{https://christophm.github.io/interpretable-ml-book/}},
  year = {2019},
  subtitle = {A Guide for Making Black Box Models Explainable}
}

@book{pearl-2009-causality,
  author = {Pearl, Judea},
  title = {Causality: Models, Reasoning and Inference},
  year = {2009},
  isbn = {052189560X},
  publisher = {Cambridge University Press},
  address = {USA},
  edition = {2nd}
}


% Articles ---------------------------------------------------------------------


@article{cheng-2009-credit,
	Author = {I-Cheng Yeh and Che-hui Lien},
	Journal = {Expert Systems with Applications},
	Number = {2, Part 1},
	Pages = {2473--2480},
	Title = {The comparisons of data mining techniques for the predictive accuracy of probability of default of credit card clients},
	Url = {https://doi.org/10.1016/j.eswa.2007.12.020},
	Volume = {36},
	Year = {2009},
}

@article{ames-cock-2011,
  title = {Ames, Iowa: Alternative to the Boston Housing Data as an
End of Semester Regression Project},
  author = {Dean De Cock},
  journal = {Journal of Statistics Education},
  year = {2011},
  volume = {19},
  number = {3},
  pages = {1--15},
  url = {https://doi.org/10.1080/10691898.2011.11889627}
}

@article{lundberg-2020-treeshap,
  title={From local explanations to global understanding with explainable AI for trees},
  author={Lundberg, Scott M. and Erion, Gabriel and Chen, Hugh and DeGrave, Alex and Prutkin, Jordan M. and Nair, Bala and Katz, Ronit and Himmelfarb, Jonathan and Bansal, Nisha and Lee, Su-In},
  journal={Nature Machine Intelligence},
  volume={2},
  number={1},
  pages={2522-5839},
  year={2020},
  publisher={Nature Publishing Group}
}


@article{friedman-2008-predictive,
	Author = {Jerome H. Friedman and Bogdan E. Popescu},
	Doi = {10.1214/07-AOAS148},
	Journal = {The Annals of Applied Statistics},
	Number = {3},
	Pages = {916--954},
	Publisher = {Institute of Mathematical Statistics},
	Title = {{Predictive learning via rule ensembles}},
	Url = {https://doi.org/10.1214/07-AOAS148},
	Volume = {2},
	Year = {2008},
}

@article{strumbelj-2014-explaining,
  author = {{Š}trumbelj, Erik and Kononenko, Igor},
  title = {Explaining prediction models and individual predictions with feature contributions},
  journal = {Knowledge and Information Systems},
  year = {2014},
  volume = {31},
  number = {3},
  pages = {647--665},
  url = {https://doi.org/10.1007/s10115-013-0679-x}
}

@article{gosiewska-2019-iBreakDown,
  author    = {Alicja Gosiewska and Przemyslaw Biecek},
  title     = {iBreakDown: Uncertainty of Model Explanations for Non-additive Predictive
               Models},
  journal   = {CoRR},
  volume    = {abs/1903.11420},
  year      = {2019},
  url       = {http://arxiv.org/abs/1903.11420},
  archivePrefix = {arXiv},
  eprint    = {1903.11420},
  timestamp = {Tue, 02 Apr 2019 11:16:55 +0200},
  biburl    = {https://dblp.org/rec/journals/corr/abs-1903-11420.bib},
  bibsource = {dblp computer science bibliography, https://dblp.org}
}

@article{veronika-2017-catboost,
  author = {Anna Veronika Dorogush and Andrey Gulin and Gleb Gusev and Nikita Kazeev and Liudmila Ostroumova Prokhorenkova and
               Aleksandr Vorobev},
  title = {Fighting biases with dynamic boosting},
  journal = {CoRR},
  volume = {abs/1706.09516},
  year = {2017},
  url = {http://arxiv.org/abs/1706.09516},
  archivePrefix = {arXiv},
  eprint = {1706.09516},
  timestamp = {Mon, 13 Aug 2018 16:46:23 +0200},
  biburl = {https://dblp.org/rec/journals/corr/DorogushGGKPV17.bib},
  bibsource = {dblp computer science bibliography, https://dblp.org}
}

@article{chen-2016-xgboost,
  author = {Tianqi Chen and Carlos Guestrin},
  title = {XGBoost: {A} Scalable Tree Boosting System},
  journal = {CoRR},
  volume = {abs/1603.02754},
  year = {2016},
  url = {http://arxiv.org/abs/1603.02754},
  archivePrefix = {arXiv},
  eprint = {1603.02754},
  timestamp = {Mon, 13 Aug 2018 16:47:00 +0200},
  biburl = {https://dblp.org/rec/journals/corr/ChenG16.bib},
  bibsource = {dblp computer science bibliography, https://dblp.org}
}

@article{R-sellereite,
  doi = {10.21105/joss.02027},
  url = {https://doi.org/10.21105/joss.02027},
  year = {2019},
  publisher = {The Open Journal},
  volume = {5},
  number = {46},
  pages = {2027},
  author = {Nikolai Sellereite and Martin Jullum},
  title = {shapr: An R-package for explaining machine learning models with dependence-aware Shapley values},
  journal = {Journal of Open Source Software}
}

@article{harrison-1978-hedonic,
  title = {Hedonic Housing Prices and the Demand for Clean Air},
  author = {David Harrison and Daniel L. Rubinfeld},
  year = {1978},
  journal = {Journal of Environmental Economics and Management},
  volume = {5},
  number = {1},
  pages = {81-102},
  url = {https://doi.org/10.1016/0095-0696(78)90006-2},
}

@article{friedman-1991-mars,
  author = {Jerome H. Friedman},
  title = {Multivariate Adaptive Regression Splines},
  journal = {The Annals of Statistics},
  year = {1991},
  volume = {19},
  number = {1},
  pages = {1--67},
  url = {https://doi.org/10.1214/aos/1176347963},
}

@article{friedman-2001-greedy,
  author = {Jerome H. Friedman},
  title = {Greedy Function Approximation: A Gradient Boosting Machine},
  journal = {The Annals of Statistics},
  year = {2001},
  volume = {29},
  number = {5},
  pages = {1189--1232},
  url = {https://doi.org/10.1214/aos/1013203451}
}

@article{goldstein-peeking-2015,
  title = {Peeking Inside the Black Box: Visualizing Statistical Learning with Plots of Individual Conditional Expectation},
  author = {Alex Goldstein and Adam Kapelner and Justin Bleich and Emil Pitkin},
  journal = {Journal of Computational and Graphical Statistics},
  volume = {24},
  number = {1},
  pages = {44--65},
  year = {2015},
  url = {https://doi.org/10.1080/10618600.2014.907095},
}


@article{zhao-2021-causal,
	Author = {Qingyuan Zhao and Trevor Hastie},
	Journal = {Journal of Business \& Economic Statistics},
	Number = {1},
	Pages = {272--281},
	Publisher = {Taylor & Francis},
	Title = {Causal Interpretations of Black-Box Models},
	Url = {https://doi.org/10.1080/07350015.2019.1624293},
	Volume = {39},
	Year = {2021},
}


% Other ------------------------------------------------------------------------

@misc{aas-2020-explaining,
  title={Explaining individual predictions when features are dependent: More accurate approximations to Shapley values}, 
  author={Kjersti Aas and Martin Jullum and Anders Løland},
  year={2020},
  eprint={1903.10464},
  archivePrefix={arXiv},
  primaryClass={stat.ML}
}

@misc{covert-2021-improving,
  title={Improving KernelSHAP: Practical Shapley Value Estimation via Linear Regression},   author={Ian Covert and Su-In Lee},
  year={2021},
  eprint={2012.01536},
  archivePrefix={arXiv},
  primaryClass={cs.LG}
}

@misc{apley-2019-ale,
  title={Visualizing the Effects of Predictor Variables in Black Box Supervised Learning Models}, 
  author={Daniel W. Apley and Jingyu Zhu},
  year={2019},
  eprint={1612.08468},
  archivePrefix={arXiv},
  primaryClass={stat.ME}
}

@misc{fisher-2019-models,
  title={All Models are Wrong, but Many are Useful: Learning a Variable's Importance by Studying an Entire Class of Prediction Models Simultaneously}, 
  author={Aaron Fisher and Cynthia Rudin and Francesca Dominici},
  year={2019},
  eprint={1801.01489},
  archivePrefix={arXiv},
  primaryClass={stat.ME}
}

@misc{chen-2020-true,
  title={True to the Model or True to the Data?}, 
  author={Hugh Chen and Joseph D. Janizek and Scott Lundberg and Su-In Lee},
  year={2020},
  eprint={2006.16234},
  archivePrefix={arXiv},
  primaryClass={cs.LG}
}

@misc{aas-2019-explaining,
  title = {Explaining individual predictions when features are dependent: More accurate approximations to Shapley values},
  author = {Kjersti Aas and Martin Jullum and Anders Løland},
  year = {2019},
  eprint = {1903.10464},
  archivePrefix = {arXiv},
  primaryClass = {stat.ML}
}

@misc{R-shapFlex,
  title = {Shapley Decomposition of R-Squared in Machine Learning Models},
  author = {Nickalus Redell},
  year = {2019},
  eprint = {1908.09718},
  archivePrefix = {arXiv},
  primaryClass = {stat.ME}
}

@misc{frye-2019-asymmetric,
  title = {Asymmetric Shapley values: incorporating causal knowledge into model-agnostic explainability},
  author = {Christopher Frye and Ilya Feige and Colin Rowat},
  year = {2019},
  eprint = {1910.06358},
  archivePrefix = {arXiv},
  primaryClass = {stat.ML}
}

@incollection{lundberg-2017-KernelSHAP,
	Author = {Lundberg, Scott M and Lee, Su-In},
	Booktitle = {Advances in Neural Information Processing Systems 30},
	Editor = {I. Guyon and U. V. Luxburg and S. Bengio and H. Wallach and R. Fergus and S. Vishwanathan and R. Garnett},
	Pages = {4765--4774},
	Publisher = {Curran Associates, Inc.},
	Title = {A Unified Approach to Interpreting Model Predictions},
	Url = {http://papers.nips.cc/paper/7062-a-unified-approach-to-interpreting-model-predictions.pdf},
	Year = {2017},
	Bdsk-Url-1 = {http://papers.nips.cc/paper/7062-a-unified-approach-to-interpreting-model-predictions.pdf}
}
	
@incollection{ke-2017-lightgbm,
	Author = {Ke, Guolin and Meng, Qi and Finley, Thomas and Wang, Taifeng and Chen, Wei and Ma, Weidong and Ye, Qiwei and Liu, Tie-Yan},
	Booktitle = {Advances in Neural Information Processing Systems 30},
	Editor = {I. Guyon and U. V. Luxburg and S. Bengio and H. Wallach and R. Fergus and S. Vishwanathan and R. Garnett},
	Pages = {3146--3154},
	Publisher = {Curran Associates, Inc.},
	Title = {LightGBM: A Highly Efficient Gradient Boosting Decision Tree},
	Url = {http://papers.nips.cc/paper/6907-lightgbm-a-highly-efficient-gradient-boosting-decision-tree.pdf},
	Year = {2017},
	Bdsk-Url-1 = {http://papers.nips.cc/paper/6907-lightgbm-a-highly-efficient-gradient-boosting-decision-tree.pdf}}

@inbook{shapley-2016-value,
  author = {Lloyd S. Shapley},
  editor = {Harold William Kuhn and Albert William Tucker},
  url = {https://doi.org/10.1515/9781400881970-018},
  title = {17. A Value for n-Person Games},
  booktitle = {Contributions to the Theory of Games (AM-28), Volume II},
  year = {2016},
  publisher = {Princeton University Press},
  pages = {307--318}
}

@InProceedings{janzing-2020-feature, 
  title = {Feature relevance quantification in explainable AI: A causal problem}, 
  author = {Janzing, Dominik and Minorics, Lenon and Bloebaum, Patrick}, 
  booktitle = {Proceedings of the Twenty Third International Conference on Artificial Intelligence and Statistics}, 
  pages = {2907--2916}, 
  year = {2020}, 
  editor = {Silvia Chiappa and Roberto Calandra},
  olume = {108}, 
  series = {Proceedings of Machine Learning Research}, 
  publisher = {PMLR}, 
  url = {http://proceedings.mlr.press/v108/janzing20a.html}
}


@inbook{charnes-1988-extremal,
	Address = {Dordrecht},
	Author = {Charnes, A. and Golany, B. and Keane, M. and Rousseau, J.},
	Booktitle = {Econometrics of Planning and Efficiency},
	Doi = {10.1007/978-94-009-3677-5_7},
	Editor = {Sengupta, Jati K. and Kadekodi, Gopal K.},
	Isbn = {978-94-009-3677-5},
	Pages = {123--133},
	Publisher = {Springer Netherlands},
	Title = {Extremal Principle Solutions of Games in Characteristic Function Form: Core, Chebychev and Shapley Value Generalizations},
	Url = {https://doi.org/10.1007/978-94-009-3677-5_7},
	Year = {1988},
	Bdsk-Url-1 = {https://doi.org/10.1007/978-94-009-3677-5_7},
	Bdsk-Url-2 = {http://dx.doi.org/10.1007/978-94-009-3677-5_7}}
